<record><leader>00000cas a22000007a 4500</leader><controlfield tag="001">19747955</controlfield><controlfield tag="008">890522d19271931nduwr ne      0    0eng d</controlfield><datafield ind1=" " ind2=" " tag="010"><subfield code="a">sn 89074127 </subfield></datafield><datafield ind1=" " ind2=" " tag="040"><subfield code="a">NOP</subfield><subfield code="b">eng</subfield><subfield code="c">NOP</subfield><subfield code="d">OCLCQ</subfield></datafield><datafield ind1=" " ind2=" " tag="042"><subfield code="a">msc</subfield></datafield><datafield ind1="0" ind2=" " tag="130"><subfield code="a">Emmons County free press (Linton, N.D. : 1927)</subfield></datafield><datafield ind1="1" ind2="0" tag="245"><subfield code="a">Emmons County free press.</subfield></datafield><datafield ind1=" " ind2=" " tag="260"><subfield code="a">Linton, Emmons County, N.D. :</subfield><subfield code="b">Emmons County Farmers Press</subfield></datafield><datafield ind1=" " ind2=" " tag="300"><subfield code="a">v. :</subfield><subfield code="b">ill. ;</subfield><subfield code="c">55 cm.</subfield></datafield><datafield ind1=" " ind2=" " tag="310"><subfield code="a">Weekly</subfield></datafield><datafield ind1="0" ind2=" " tag="362"><subfield code="a">Vol. 13, no. 22 (June 23, 1927)-v. 14, no. 41 (Oct. 29, 1931).</subfield></datafield><datafield ind1=" " ind2=" " tag="500"><subfield code="a">"Official newspaper of Emmons County and the City of Linton," 1927-1928.</subfield></datafield><datafield ind1=" " ind2=" " tag="530"><subfield code="a">Available on microfilm from the State Historical Society of North Dakota.</subfield></datafield><datafield ind1=" " ind2=" " tag="752"><subfield code="a">United States</subfield><subfield code="b">North Dakota</subfield><subfield code="c">Emmons</subfield><subfield code="d">Linton.</subfield></datafield><datafield ind1="0" ind2="0" tag="780"><subfield code="t">Emmons County free press and Emmons County Republican</subfield><subfield code="w">(DLC)sn 89074126</subfield></datafield><datafield ind1="0" ind2="4" tag="785"><subfield code="t">Emmons County record</subfield><subfield code="w">(DLC)sn 87096040</subfield></datafield></record>